
@article{efron_efficiency_1975,
	title = {The efficiency of logistic regression compared to normal discriminant analysis},
	number = {70},
	journal = {Journal of the American Statistical Association},
	author = {Efron, Bradley},
	year = {1975},
	pages = {892--898}
}

@article{kosmidis_multinomial_2011,
	title = {Multinomial logit bias reduction via the {Poisson} log-linear model},
	volume = {98},
	issn = {0006-3444, 1464-3510},
	url = {http://biomet.oxfordjournals.org/cgi/doi/10.1093/biomet/asr026},
	doi = {10.1093/biomet/asr026},
	urldate = {2013-09-03},
	journal = {Biometrika},
	author = {Kosmidis, I. and Firth, D.},
	year = {2011},
	pages = {755--759},
	file = {biomet.asr026.full.pdf:/Users/mtaddy/Library/Application Support/Firefox/Profiles/wt62d6by.default/zotero/storage/B8RCKKRU/biomet.asr026.full.pdf:application/pdf}
}

@article{taddy_rejoinder:_2013,
	title = {Rejoinder: {Efficiency} and structure in {MNIR}},
	volume = {108},
	journal = {Journal of the American Statistical Association},
	author = {Taddy, Matt},
	year = {2013},
	pages = {772--774}
}

@article{cook_fisher_2007,
	title = {Fisher lecture: {Dimension} reduction in regression},
	volume = {22},
	journal = {Statistical Science},
	author = {Cook, R. Dennis},
	year = {2007},
	pages = {1--26}
}

@article{efron_missing_1994,
	title = {Missing data, imputation, and the bootstrap},
	volume = {89},
	journal = {Journal of the American Statistical Association},
	author = {Efron, Bradley},
	year = {1994},
	pages = {463--475}
}

@article{hurvich_regression_1989,
	title = {Regression and time series model selection in small samples},
	volume = {76},
	url = {http://biomet.oxfordjournals.org/content/76/2/297.short},
	number = {2},
	urldate = {2014-09-19},
	journal = {Biometrika},
	author = {Hurvich, Clifford M. and Tsai, Chih-Ling},
	year = {1989},
	pages = {297--307},
	file = {hurvich_tsai89.pdf:/Users/mtaddy/Library/Application Support/Firefox/Profiles/wt62d6by.default/zotero/storage/HHV8B5NE/hurvich_tsai89.pdf:application/pdf}
}

@article{taddy_one-step_2014,
	title = {One-step estimator paths for concave regularization},
	author = {Taddy, Matt},
	year = {2014},
	note = {arXiv:1308.5623}
}

@article{berk_covariance_2013,
	title = {Covariance {Adjustments} for the {Analysis} of {Randomized} {Field} {Experiments}},
	volume = {37},
	issn = {0193-841X, 1552-3926},
	url = {http://erx.sagepub.com/cgi/doi/10.1177/0193841X13513025},
	doi = {10.1177/0193841X13513025},
	language = {en},
	number = {3-4},
	urldate = {2014-11-04},
	journal = {Evaluation Review},
	author = {Berk, R. and Pitkin, E. and Brown, L. and Buja, A. and George, E. and Zhao, L.},
	month = jun,
	year = {2013},
	pages = {170--196},
	file = {berk.pdf:/Users/mtaddy/Library/Application Support/Firefox/Profiles/wt62d6by.default/zotero/storage/CK9ZCERR/berk.pdf:application/pdf}
}

@article{friedman_regularization_2010,
	title = {Regularization paths for generalized linear models via coordinate descent},
	volume = {33},
	url = {http://www.ncbi.nlm.nih.gov/pmc/articles/PMC2929880/},
	urldate = {2013-08-13},
	journal = {Journal of Statistical Software},
	author = {Friedman, Jerome and Hastie, Trevor and Tibshirani, Rob},
	year = {2010},
	pages = {1--22},
	file = {Regularization Paths for Generalized Linear Models via Coordinate Descent - paper:/Users/mtaddy/Library/Application Support/Firefox/Profiles/wt62d6by.default/zotero/storage/6Q2IV3CJ/paper.pdf:application/pdf}
}

@inproceedings{dean_mapreduce:_2004,
	title = {{MapReduce}: {Simplified} data processing on large clusters},
	booktitle = {Proceedings of {Operating} {Systems} {Design} and {Implementation}},
	author = {Dean, Jeffrey and Ghemawat, Sanjay},
	year = {2004},
	pages = {137--150}
}

@book{venables_modern_2002,
	address = {New York},
	edition = {Fourth},
	title = {Modern applied statistics with {S}},
	publisher = {Springer},
	author = {Venables, W. N. and Ripley, B. D.},
	year = {2002},
	note = {ISBN 0-387-95457-0}
}

@article{gopalan_scalable_2013,
	title = {Scalable recommendation with {Poisson} factorization},
	url = {arxiv.org/abs/1311.1704},
	urldate = {2013-11-19},
	author = {Gopalan, Prem and Hofman, Jake M. and Blei, David M.},
	year = {2013},
	note = {arXiv:1311.1704},
	file = {1311.1704v2.pdf:/Users/mtaddy/Library/Application Support/Firefox/Profiles/wt62d6by.default/zotero/storage/9KQW47U2/1311.1704v2.pdf:application/pdf}
}

@article{taddy_multinomial_2013,
	title = {Multinomial inverse regression for text analysis},
	volume = {108},
	issn = {0162-1459, 1537-274X},
	url = {http://www.tandfonline.com/doi/abs/10.1080/01621459.2012.734168},
	doi = {10.1080/01621459.2012.734168},
	urldate = {2013-08-13},
	journal = {Journal of the American Statistical Association},
	author = {Taddy, Matt},
	year = {2013},
	pages = {755--770},
	file = {Multinomial Inverse Regression for Text Analysis - 01621459.2012.734168:/Users/mtaddy/Library/Application Support/Firefox/Profiles/wt62d6by.default/zotero/storage/QXHB9DC4/01621459.2012.pdf:application/pdf}
}

@article{zou_degrees_2007,
	title = {On the degrees of freedom of the lasso},
	volume = {35},
	journal = {The Annals of Statistics},
	author = {Zou, Hui and Hastie, Trevor and Tibshirani, Robert},
	year = {2007},
	pages = {2173--2192},
	file = {euclid.aos.1194461726.pdf:/Users/mtaddy/Library/Application Support/Firefox/Profiles/wt62d6by.default/zotero/storage/WPAG89Z5/euclid.aos.1194461726.pdf:application/pdf}
}

@article{efron_estimation_2004,
	title = {The estimation of prediction error: covariance penalties and cross-validation},
	volume = {99},
	issn = {0162-1459, 1537-274X},
	shorttitle = {The {Estimation} of {Prediction} {Error}},
	url = {http://www.tandfonline.com/doi/abs/10.1198/016214504000000692},
	doi = {10.1198/016214504000000692},
	urldate = {2013-08-13},
	journal = {Journal of the American Statistical Association},
	author = {Efron, Bradley},
	year = {2004},
	pages = {619--632},
	file = {The Estimation of Prediction Error - 016214504000000692:/Users/mtaddy/Library/Application Support/Firefox/Profiles/wt62d6by.default/zotero/storage/WQXBXDQI/016214504000000692.pdf:application/pdf}
}

@article{tibshirani_regression_1996,
	title = {Regression shrinkage and selection via the lasso},
	volume = {58},
	journal = {Journal of the Royal Statistical Society, Series B},
	author = {Tibshirani, Robert},
	year = {1996},
	pages = {267--288}
}

@article{palmgren_fisher_1981,
	title = {The {Fisher} information matrix for log linear models arguing conditionally on observed explanatory variable},
	volume = {68},
	url = {http://biomet.oxfordjournals.org/content/68/2/563.short},
	urldate = {2013-09-03},
	journal = {Biometrika},
	author = {Palmgren, Juni},
	year = {1981},
	pages = {563--566},
	file = {563.full.pdf:/Users/mtaddy/Library/Application Support/Firefox/Profiles/wt62d6by.default/zotero/storage/I3FH2CJC/563.full.pdf:application/pdf}
}

@article{hodges_poisson_1960,
	title = {The {Poisson} approximation to the {Poisson} binomial distribution},
	volume = {31},
	journal = {The Annals of Mathematical Statistics},
	author = {Hodges, J. L. and Le Cam, Lucien},
	year = {1960},
	pages = {737--740},
	file = {1177705799.pdf:/Users/mtaddy/Library/Application Support/Firefox/Profiles/wt62d6by.default/zotero/storage/C2Z5U2HC/1177705799.pdf:application/pdf}
}

@article{birch_maximum_1963,
	title = {Maximum likelihood in three-way contingency tables},
	volume = {25},
	journal = {Journal of the Royal Statistical Society - Series B},
	author = {Birch, M. W.},
	year = {1963},
	pages = {220--233},
	file = {Maximum Likelihood in Three-Way Contingency Tables - 2984562.pdf:/Users/mtaddy/Library/Application Support/Firefox/Profiles/wt62d6by.default/zotero/storage/DVQ7WQGW/2984562.pdf:application/pdf}
}

@article{breiman_random_2001,
	title = {Random forests},
	volume = {45},
	journal = {Machine Learning},
	author = {Breiman, Leo},
	year = {2001},
	pages = {5--32}
}

@article{mcdonald_poisson_1980,
	title = {On the {Poisson} approximation to the multinomial distribution},
	volume = {8},
	journal = {The Canadian Journal of Statistics},
	author = {McDonald, David R.},
	year = {1980},
	pages = {115--118},
	file = {115_ftp.pdf:/Users/mtaddy/Library/Application Support/Firefox/Profiles/wt62d6by.default/zotero/storage/CZBGES3X/115_ftp.pdf:application/pdf}
}

@article{taddy_measuring_2013,
	title = {Measuring {Political} {Sentiment} on {Twitter}: {Factor} {Optimal} {Design} for {Multinomial} {Inverse} {Regression}},
	volume = {55},
	issn = {0040-1706, 1537-2723},
	shorttitle = {Measuring {Political} {Sentiment} on {Twitter}},
	url = {http://www.tandfonline.com/doi/abs/10.1080/00401706.2013.778791},
	doi = {10.1080/00401706.2013.778791},
	language = {en},
	number = {4},
	urldate = {2014-10-28},
	journal = {Technometrics},
	author = {Taddy, Matt},
	month = nov,
	year = {2013},
	pages = {415--425},
	file = {00401706.2013.pdf:/Users/mtaddy/Library/Application Support/Firefox/Profiles/wt62d6by.default/zotero/storage/7CI6UR65/00401706.2013.pdf:application/pdf}
}

@inproceedings{roberts_structural_2013,
	title = {The {Structural} {Topic} {Model} and {Applied} {Social} {Science}},
	booktitle = {{NIPS} 2013 {Workshop} on {Topic} {Models}},
	author = {Roberts, Margaret E. and Stewart,, Brandon M. and Tingley, Dustin and Airoldi, Edoardo M.},
	year = {2013},
	file = {stmnips2013.pdf:/Users/mtaddy/Library/Application Support/Firefox/Profiles/wt62d6by.default/zotero/storage/2MDITXM7/stmnips2013.pdf:application/pdf}
}

@inproceedings{rabinovich_inverse_2014,
	title = {The inverse regression topic model},
	url = {http://jmlr.org/proceedings/papers/v32/rabinovich14.html},
	urldate = {2015-05-10},
	booktitle = {Proceedings of {The} 31st {International} {Conference} on {Machine} {Learning}},
	author = {Rabinovich, Maxim and Blei, David},
	year = {2014},
	pages = {199--207},
	file = {RabinovichBlei2014.pdf:/Users/mtaddy/Library/Application Support/Firefox/Profiles/wt62d6by.default/zotero/storage/W8HRE7JF/RabinovichBlei2014.pdf:application/pdf}
}